@misc{HamiltonianCycleGFG,
    author = {{Neuvedeno}},
    title = {Hamiltonian Cycle},
    year = {2025},
    month = mar,
    note = {Přístupné online: 21. března 2025. [Online]. Dostupné z: \url{https://www.geeksforgeeks.org/hamiltonian-cycle/}}
}
@misc{demaine2016complexity,
    author = {Erik Demaine},
    title = {16. Complexity: P, NP, NP-completeness, Reductions},
    year = {2016},
    month = mar,
    note = {Přístupné online: 21. března 2025. [Online]. Dostupné z: \url{https://www.youtube.com/watch?v=eHZifpgyH_4}}
}
@misc{tapsell2025snake,
  author = {John Tapsell},
  title = {snake},
  year = {2025},
  month = mar,
  note = {Přístupné online: 22. března 2025. [Online]. Dostupné z: \url{https://johnflux.com/tag/snake/}}
}
@misc{alphaphoenix2020snake,
  author = {Brian Haidet},
  title = {How to Win Snake: The UNKILLABLE Snake AI},
  year = {2020},
  month = mar,
  note = {Přístupné online: 24. března 2025. [Online]. Dostupné z: \url{https://www.youtube.com/watch?v=TOpBcfbAgPg}}
}
@misc{BigONotationGFG,
  author = {{Soumyadeep Debnath}},
  title = {Big O Notation Tutorial - A Guide to Big O Analysis},
  year = {2025},
  month = mar,
  note = {Přístupné online: 29. března 2025. [Online]. Dostupné z: \url{https://www.geeksforgeeks.org/analysis-algorithms-big-o-analysis/}}
}
@misc{MathTutorFunctions2025,
author = {{Neuvedeno}},
title = {Math Tutor - Functions - Theory - Elementary Functions},
year = {2025},
month = mar,
note = {Přístupné online: 29. března 2025. [Online]. Dostupné z: \url{https://math.fel.cvut.cz/mt/txtb/4/txc3ba4b.htm}}
}
@misc{Graafsma2025Snake,
  author = {D. Graafsma},
  title = {Playing Snake on a Graph},
  year = {2025},
  month = mar,
  note = {Přístupné online: 29. března 2025. [Online]. Dostupné z: \url{https://essay.utwente.nl/102968/7/Graafsma_MA_EEMCS.pdf}}
}
@misc{Sharma2025Dijkstra,
  author = {Aditya Sharma},
  title = {What is Dijkstra’s Algorithm? | Introduction to Dijkstra’s Shortest Path Algorithm},
  year = {2025},
  month = mar,
  note = {Accessed: Mar. 29, 2025. [Online]. Available: \url{https://www.geeksforgeeks.org/introduction-to-dijkstras-shortest-path-algorithm/}}
}

